@article{ashutiwa,
    author  = "Ashutosh Tiwari (ashutiwa@iu.edu)",
    title   = "RL Project Proposal",
    year    = "2021"
}
